<?xml version="1.0" encoding="UTF-8"?><collection xmlns="http://www.loc.gov/MARC21/slim"><record><leader>00432nam--2200121-i-4500</leader><controlfield tag="001">000005439</controlfield><controlfield tag="002">20161230</controlfield><controlfield tag="005">20161230201026</controlfield><controlfield tag="008">060222s1000------------r-----000-0-eng-d</controlfield><datafield ind1=" " ind2=" " tag="100"><subfield code="a">Brown, R.G., Thaler, G.J</subfield></datafield><datafield ind1=" " ind2=" " tag="245"><subfield code="a">Analysis and design of feedback control system s. formerly servomechanism analysis. second ed ition</subfield></datafield><datafield ind1=" " ind2=" " tag="260"><subfield code="a">New York, Mcgraw-hill Book Co., Inc., 1960</subfield></datafield><datafield ind1=" " ind2=" " tag="490"><subfield code="a">Mcgraw-hill Electrical And Electronic Engg.Ser Ies</subfield></datafield></record></collection>